<?xml version="1.0" encoding="UTF-8"?><collection><record><leader>06677ntm a2200553 a 4500</leader><controlfield tag="001">006305638</controlfield><controlfield tag="003">MiAaHDL</controlfield><controlfield tag="005">20190719000000.0</controlfield><controlfield tag="006">m        d        </controlfield><controlfield tag="007">cr bn ---auaua</controlfield><controlfield tag="008">090417s1722    xx            00| ||ara d</controlfield><datafield tag="035" ind1=" " ind2=" "><subfield code="a">(MiU)006305638</subfield></datafield><datafield tag="035" ind1=" " ind2=" "><subfield code="a">sdr-miu006305638</subfield></datafield><datafield tag="040" ind1=" " ind2=" "><subfield code="a">MiU</subfield><subfield code="c">MiU</subfield><subfield code="e">amremm</subfield></datafield><datafield tag="043" ind1=" " ind2=" "><subfield code="a">n-us-mi</subfield></datafield><datafield tag="100" ind1="0" ind2=" "><subfield code="6">880-01</subfield><subfield code="a">Hüsrev,</subfield><subfield code="c">Molla,</subfield><subfield code="d">-1480.</subfield></datafield><datafield tag="245" ind1="1" ind2="0"><subfield code="6">880-03</subfield><subfield code="a">[Mirʼāt al-uṣūl fī sharḥ Mirqāt al-wuṣūl,</subfield><subfield code="f">1135, i.e. 1722].</subfield></datafield><datafield tag="246" ind1="3" ind2=" "><subfield code="i">Title from from inscription on 'title page' (p.9):</subfield><subfield code="a">مرآة شرح مرقاة</subfield></datafield><datafield tag="260" ind1=" " ind2=" "><subfield code="c">[1722]</subfield></datafield><datafield tag="300" ind1=" " ind2=" "><subfield code="a">317 leaves :</subfield><subfield code="b">paper ;</subfield><subfield code="c">214 x 142 (149 x 65) mm. bound to 215 x 145-155 mm.</subfield></datafield><datafield tag="500" ind1=" " ind2=" "><subfield code="a">Shelfmark: Ann Arbor, University of Michigan, Special Collections Library, Isl. Ms. 88</subfield></datafield><datafield tag="500" ind1=" " ind2=" "><subfield code="a">Origin: As appears in scribal colophon on p.631, transcription completed ("wa-qad tamma taswīd al-kitāb...") Monday 17 Rabīʻ I 1135 [ca. 26 December 1722]. Preceding authorial colophon (also on p.631) indicates that composition was completed on the 27th night of Ramaḍān 850 [ca. 16 December 1446].</subfield></datafield><datafield tag="500" ind1=" " ind2=" "><subfield code="a">Accompanying materials: Slip with notes inserted between pp.126-127 (not paginated).</subfield></datafield><datafield tag="500" ind1=" " ind2=" "><subfield code="a">Former shelfmark: British Museum, London "No. 120. Mirat al-usul."</subfield></datafield><datafield tag="500" ind1=" " ind2=" "><subfield code="a">Binding: Pasteboards covered in marbled paper (blue, orange, yellow, mauve, etc.) with spine, fore-edge flap and edges/turn-ins in red leather, spine now covered with cloth and paper ; Type II binding (with flap) ; board linings in laid paper ; traces of epigraphic stamp (large lozenge shape) reading "شفاء القلوب لقاء المحبوب" visible on lower cover where layers of paper have come away ; sewn in cream thread, two stations, often loose or missing ; worked endbands in cream thread, fair condition ; in quite poor condition with much abrasion, pest and water damage, lifting and losses of leather, delamination of boards, etc. ; repairs in cloth, leather, and paper ; extremely ill-fitting.</subfield></datafield><datafield tag="500" ind1=" " ind2=" "><subfield code="a">Support: European laid paper of several types ; mainly with 6 laid lines per cm. (vertical) and chain lines spaced 28 mm. apart (horizontal), lightly burnished with crown, star, crescent watermark (compare Heawood 1132) ; another thinner type, smooth and well-burnished, with three hats watermark ; still another thin and fairly translucent type with crown and grapes or crown and beaded diamond watermark.</subfield></datafield><datafield tag="500" ind1=" " ind2=" "><subfield code="a">Decoration: Illuminated headpiece (ʻunwān) at opening on p.12, consisting of rectangular piece surmounted by scalloped semi-circular piece (dome) set in a well of green and gold ; rectangular piece carries basmalah in a central cartouche defined by flanking accent pieces in gold, green and blue ; semi-circular piece (dome) carries crude floral vegetal design in green, white, blue, and red on a field of gold with outline in blue and vertical stalks (tīgh) in blue and red above ; written area of incipit page surrounded by gold frame ; keywords and section headings rubricated ; some overlining and textual dividers in the form of discs in red.</subfield></datafield><datafield tag="500" ind1=" " ind2=" "><subfield code="a">Script: Naskh-nastaʻlīq (talik) ; sans serif ; slight effect of words descending to baseline ; mainly closed counters ; occasional elongated horizontal strokes and swooping tails ; kāf alif ligature forming closed loop.</subfield></datafield><datafield tag="500" ind1=" " ind2=" "><subfield code="a">Layout: Written in 21 lines per page ; frame-ruled (impression of ruling board evident).</subfield></datafield><datafield tag="500" ind1=" " ind2=" "><subfield code="a">Collation: I (2), 30 V(302), IV (310), I (312), III-1 (317) ; chiefly quinions ; final word of last line on verso of each leaf repeated as the first word of the first line on the following verso ; foliation in black ink, Hindu-Arabic numerals ; pagination in pencil, Western numerals, supplied during digitization (skips ahead from p.9 to p.12, skips over two pages between pp.269-270).</subfield></datafield><datafield tag="500" ind1=" " ind2=" "><subfield code="a">Colophon: "Authorial," rectangular, reads: " قد رفع خيام الاختتام بعون الله الملك العلام عن نفائس عراب الكلام ... ليلة الجمعة السابعة والعشرين من رمضان المبارك من سنة خمسين وثمانمائة" ; "Scribal," triangular, reads: "قد تم تسويد الكتاب بعون الله الملك الوهاب يوم الاثنين السابع عشر من ربيع الاول من سنة خمس وثلاثين ومائة والف من هجرة من له العز والشرف سنة ۱۱۳٥"</subfield></datafield><datafield tag="500" ind1=" " ind2=" "><subfield code="a">Explicit: "ولا ينافى ذلك صدور لا ادرى من المجتهد لما سبق"</subfield></datafield><datafield tag="500" ind1=" " ind2=" "><subfield code="a">Incipit: "الحمد لله الذي كرم بني آدم بالعقل القويم ... اما بعد فان اولى ما تقترحه القرائح القوارح ..."</subfield></datafield><datafield tag="500" ind1=" " ind2=" "><subfield code="a">Title supplied by cataloguer.</subfield></datafield><datafield tag="500" ind1=" " ind2=" "><subfield code="a">Ms. codex.</subfield></datafield><datafield tag="510" ind1="4" ind2=" "><subfield code="a">Brockelmann, C. GAL,</subfield><subfield code="c">II, 226</subfield></datafield><datafield tag="520" ind1="8" ind2=" "><subfield code="a">Fine copy of the commentary by Muḥammad ibn Farāmurz on his Mirqāt al-wuṣūl ilá ʻilm al-uṣūl, on principles of jurisprudence.</subfield></datafield><datafield tag="538" ind1=" " ind2=" "><subfield code="a">Mode of access: Internet.</subfield></datafield><datafield tag="541" ind1=" " ind2=" "><subfield code="c">Purchase ;</subfield><subfield code="a">Acquired by purchase along with Abdul Hamid Collection (funds donated by Horace Rackham).</subfield><subfield code="d">1924.</subfield></datafield><datafield tag="546" ind1=" " ind2=" "><subfield code="a">Arabic.</subfield></datafield><datafield tag="561" ind1=" " ind2=" "><subfield code="a">Bookplate of British Museum, London on interior of upper cover, "British Museum, London. No. 120. Mirat al-usul." ; circular seal impression with figure of goat/gazelle in purple ink as well as inscription "250" in Western numerals on first of added leaves carrying table of contents (p.1) ; circular waqf-seal impression in black ink appears on first of added leaves carrying table of contents (p.1), on 'title page' (p.9) and several places throughout, reads: "هذا وقف الراجي فيض الصمدي الشيخ احمد ضيا الدين ابن مصطفى الخالدي فمن بدله بعد ما سمعه فانما اثمه على الذين يبدلونه" in name of Aḥmad Ḍiyāʼ al-Dīn ibn Muṣṭafá al-Khālidī (i.e. Ahmed Ziyâüddîn Gümüşhanevî, d. 1893 or 4) ; numerous glosses ; occasional marginal corrections and notabilia (side-heads).</subfield></datafield><datafield tag="600" ind1="0" ind2="0"><subfield code="a">Hüsrev,</subfield><subfield code="c">Molla,</subfield><subfield code="d">-1480.</subfield><subfield code="t">Mirqāt al-wuṣūl.</subfield></datafield><datafield tag="650" ind1=" " ind2="0"><subfield code="a">Manuscripts, Arabic</subfield><subfield code="z">Michigan</subfield><subfield code="z">Ann Arbor.</subfield></datafield><datafield tag="650" ind1=" " ind2="0"><subfield code="a">Hanafites</subfield><subfield code="v">Early works to 1800.</subfield></datafield><datafield tag="650" ind1=" " ind2="0"><subfield code="a">Islamic law</subfield><subfield code="x">Interpretation and construction</subfield><subfield code="v">Early works to 1800.</subfield></datafield><datafield tag="655" ind1=" " ind2="7"><subfield code="a">Headpieces (layout features)</subfield><subfield code="y">18th century.</subfield><subfield code="2">aat</subfield></datafield><datafield tag="773" ind1="0" ind2=" "><subfield code="a">Tiflis Collection.</subfield></datafield><datafield tag="880" ind1="1" ind2="0"><subfield code="6">245-03/</subfield><subfield code="a">[مرآة الأصول في شرح مرقاة الوصول,</subfield><subfield code="f">1135ه, 1722م].</subfield></datafield><datafield tag="880" ind1="0" ind2=" "><subfield code="6">100-01/</subfield><subfield code="a">خسرو،</subfield><subfield code="c">ملّا،</subfield><subfield code="d">ت. 1480</subfield></datafield><datafield tag="CID" ind1=" " ind2=" "><subfield code="a">006305638</subfield></datafield><datafield tag="DAT" ind1="0" ind2=" "><subfield code="a">20190719102634.0</subfield><subfield code="b">20190719000000.0</subfield></datafield><datafield tag="DAT" ind1="1" ind2=" "><subfield code="a">20190719090653.0</subfield><subfield code="b">2019-07-19T16:11:14Z</subfield></datafield><datafield tag="DAT" ind1="2" ind2=" "><subfield code="a">2015-10-10T18:00:06Z</subfield></datafield><datafield tag="CAT" ind1=" " ind2=" "><subfield code="a">SDR-MIU</subfield><subfield code="d">EX LIBRIS - ALEPH</subfield><subfield code="l">prepare.pl-004-008</subfield></datafield><datafield tag="FMT" ind1=" " ind2=" "><subfield code="a">BK</subfield></datafield><datafield tag="HOL" ind1=" " ind2=" "><subfield code="0">sdr-miu006305638</subfield><subfield code="a">MiU</subfield><subfield code="b">SDR</subfield><subfield code="c">MIU</subfield><subfield code="p">mdp.39015079124817</subfield><subfield code="s">MIU</subfield><subfield code="1">006305638</subfield></datafield><datafield tag="974" ind1=" " ind2=" "><subfield code="b">MIU</subfield><subfield code="c">MIU</subfield><subfield code="d">20190719</subfield><subfield code="s">lit-dlps-dc</subfield><subfield code="u">mdp.39015079124817</subfield><subfield code="y">1722</subfield><subfield code="r">pd</subfield><subfield code="q">bib</subfield><subfield code="t">non-US bib date1 &lt; 1879</subfield></datafield></record></collection>